@article{Folmer,
		author  = {Folmer o et al},
		title   = {DNA primers for amplification of mitochondrial cytochrome c oxidase subunit I from diverse metazoan invertebrates.},
        year    = {1994},
        note    = {PMID: 7881515 }
	}