@misc{Pflanzen-Script,
		author  = {Bernhard Grimm}
		title   = {Qualitative und quantitative Charakterisierung der Photosynthesepigmente},
		year    = {2024},
		note    = {Komplex 3}
	}

@misc{Absorption_Maxima_Chlorophylle,
		author  = {Peter von Sengbusch}
		title   = {Absorption Spectra of Chlorophyll a (Light Green) and Chlorophyll b (Turquoise)}
        url     = {https://www-archiv.fdm.uni-hamburg.de/b-online/e24/3.htm#:~:text=Absorption%20Spectra%20of%20Chlorophyll%20a,at%20453%20and%20642%20nm..}
        note    = {Uni Hamburg}
	}

@misc{Absorption_Maxima_Carotinoide,
		author  = {A. Hager}
        url     = {https://link.springer.com/content/pdf/10.1007/BF00390164.pdf}
        note    = {Page 41 and 42}
	}

@misc{FC1_Paper,
		author  = {Daniel Hey (first Author), Bernhard Grimm (Principal Investigator)}
        title   = {Transgenic Tobacco Lines Expressing Sense or Antisense FERROCHELATASE 1 RNA Show Modified Ferrochelatase Activity in Roots and Provide Experimental Evidence for Dual Localization of Ferrochelatase 1}
        url     = {https://doi.org/10.1093/pcp/pcw171}
        note    = {published in October 2016}
	}