@misc{Kadereit,
		author  = {Kadereit, Joachim W.; Körner, Christian; Kost, Benedikt; Sonnewald, Uwe },
        title   = {Strasburger - Lehrbuch der Pflanzenwissenschaften.},
        URL     = {http://nbn-resolving.org/urn:nbn:de:bsz:31-epflicht-1623553},
		year = {2014},
        note    = {37. Aufl}
	}

@misc{unterrichtsmaterial,
		title   = {Experimente - Unterrichtsmaterialien Chemie},
		URL = {http://www.unterrichtsmaterialien-chemie.uni-goettingen.de/exp_neu.php?id=2152},
		year    = {2024},
		note    = {zuletzt aktualisiert am 15.07.2024, zuletzt geprüft am 15.07.2024}
	}