@misc{Mibi-Script,
		author  = {Dr. Caroline KÃ¼hne},
		title   = {Skript Modul MB22 - Praktikum Molekulare Mikrobiologie},
		year    = {2024},
	}
@article{Flagellum,
		author  = {Tomoko Yamaguchi },
		title   = {Structural and Functional Comparison of Salmonella Flagellar Filaments Composed of FljB and FliC},
        year    = {2020},
        DOI    = { https://doi.org/10.3390/biom10020246}
	}

	 10.3390/biom10020246