@article{Taiz,
		author  = {Taiz, Lincoln; Møller, I. M.; Murphy, Angus S.; Zeiger, Eduardo},
		title   = {Plant physiology and development},
        year    = {2023},
        journal = {Oxford University Press (Science trove)},
        note = {7. Auflage}
	}

@article{Barker,
		author  = {Barker, Allen V.},
		title   = {Handbook of plant nutrition},
        year    = {2007},
        journal = {CRC Press Taylor & Francis (Books in soils, plants, and the environment)},
	}

@article{Schaaf;,
		author  = {Ma, Z.; Bielenberg, D. G.; Brown, K. M.; Lynch, J. P. },
		title   = {Regulation of root hair density by phosphorus availability in Arabidopsis thaliana},
        year    = {2001},
        DOI = {https://doi.org/10.1046/j.1365-3040.2001.00695.x},
        journal = {Plant Cell & Environment 24 (4)},
        note = {S. 459–467}
	}
