@article{Cytokininregulation,
		author  = {Bartrina, Isabel; Otto, Elisabeth; Strnad, Miroslav; Werner, Tomáš; Schmülling, Thomas},
		title   = {Cytokinin regulates the activity of reproductive meristems, flower organ size, ovule formation,and thus seed yield in Arabidopsis thaliana},
        year    = {2011},
        journal = {The Plant cell 23 (1)},
        DOI    = {https://doi.org/10.1105/tpc.110.079079},
        note = {S. 69 to 80}
	}

@article{Schopfer,
		author  = {Schopfer, Peter; Brennicke, Axel },
		title   = {Pflanzenphysiologie 7. Auflage},
        year    = {2010},
        journal = {Spektrum Akad. Verl.},
	}

@article{Wu_Wenqi;,
		author  = {Wu, Wenqi; Du, Kang; Kang, Xiangyang; Wei, Hairong },
		title   = {The diverse roles of cytokinins in regulating leaf development},
        year    = {2021},
        DOI = {https://doi.org/10.1038/s41438-021-00558-3},
        journal = {Hortic Res 8 (1)},
        note = {S. 118}
	}
